@manual{anleitung,
  author = {TU Dortmund},
  title = {Der Franck-Hertz-Versuch},
  year = 2021
}

@online{theo,
  url = {https://lp.uni-goettingen.de/get/text/1612},
  urldate = {2021-06-28},
  title = {Der Franck-Hertz-Versuch, Universität Göttingen},
  year = {2014},
}