@manual{anleitung,
  author = {TU Dortmund},
  title = {US1: Grundlagen der Ultraschalltechnik},
  year = 2021
}

@online{cA,
url = {https://www.olympus-ims.com/de/ndt-tutorials/thickness-gauge/appendices-velocities/},
urldate = {2020-5-22},
title = {Literaturwert der Schallgeschwindigkeit in Acryl},
year = {2020},
}