@manual{anleitung,
  author = {TU Dortmund},
  title = {Reflexion, Brechung und Beugung},
  year = 2021
}

@online{theo_brechzahl, 
url = {https://www.chemie.de/lexikon/Brechzahl.html}, 
urldate = {2021-06-28}, 
title = {Brechzahl}
}