@manual{anleitung,
  author = {Fakultät Physik, TU Dortmund},
  title = {Versuchsanleitung zum Experiment 103 - Biegung elastischer Stäbe},
  year = 2020,
}
