@manual{anleitung,
  author = {TU Dortmund},
  title = {Versuchsanleitung zum Photoeffekt},
  year = 2021
}