@manual{anleitung,
  author = {TU Dortmund},
  title = {V353 Relaxationsverhalten eines RC-Kreise},
  year = 2021
}
