@manual{sample,
  author = {TU Dortmund},
  title = {Versuch zum Literaturverzeichnis},
  year = 2014
}
@online{vana-lit, 
author = {Periodensystem online, René Rauscher},
url = {http://www.periodensystem-online.de/index.php?id=isotope&el=23&mz=52&show=nuklid&sel=zf},
urldate = {2021-01-31}
}
@online{rho-lang, 
author = {Periodensystem online, René Rauscher},
url={http://www.periodensystem-online.de/index.php?id=isotope&el=45&mz=104&nrg=0.129&show=nuklid},
urldate={2021-01-31}
}
@online{rho-kurz,
author = {Periodensystem online, René Rauscher},
url={http://www.periodensystem-online.de/index.php?id=isotope&el=45&mz=104&nrg=0&show=nuklid&sel=},
urldate={2021-01-31}
}