@manual{fehler,
  title        = {Formelsammlung zur Berechnung von Messunsicherheiten},
  author       = {Fakultät Physik},
  organization = {TU Dortmund},
  year         = {2020},
}

@manual{sample,
  author = {Fakultät Physik, TU Dortmund},
  title = {Versuchsanleitung zum Experiment V206 - Die Wärmepumpe},
  year = 2020,
}
