@manual{anleitung,
  author = {TU Dortmund},
  title = {RÃ¶ntgenemission und -absorption},
  year = 2021
}
@online{E_abs, 
  url = {https://physics.nist.gov/cgi-bin/XrayTrans/search.pl?element=Cu&trans=All&lower=&upper=&units=eV}, 
  urldate = {2021-05-10}, 
  title = {X-Ray Transition Database}, 
  author = {National Institute of Standards and Technology}
  }

@online{sigma, 
  url = {http://skuld.bmsc.washington.edu/scatter/AS_periodic.html}, 
  urldate = {2021-05-10}, 
  title = {X-Ray Absorption edges}
  }