@manual{anleitung,
  author = {TU Dortmund},
  title = {V106: Gekoppelte Pendel},
  year = 2021
}
