@manual{anleitung,
  author = {TU Dortmund},
  title = {Versuch V703},
  year = 2021
}
