@manual{anleitung501,
  author = {TU Dortmund},
  title = {Ablenkung eines Elektronenstrahls im elektischen Feld},
  year = 2021
}

@manual{anleitung502,
  author = {TU Dortmund},
  title = {Ablenkung eines Elektronenstrahls im transversalen Magnetfeld},
  year = 2021
}
