@manual{anleitung,
  author = {Fakultät Physik, TU Dortmund},
  title = {Versuchsanleitung zum Experiment V302 - Elektrische Brückenschaltungen},
  year = 2020,
}
