@manual{anleitung,
  author = {TU Dortmund},
  title = {Der Franck-Hertz-Versuch},
  year = 2021
}
