@manual{anleitung,
  author = {TU Dortmund},
  title = {Das Michelson-Interferometer},
  year = 2021
}
