@manual{anleitung,
  author = {TU Dortmund},
  title = {Versuch V303: Der Lock-In-Verst√§rker},
  year = 2021
}
