@manual{anleitung,
  organization = {TU Dortmund},
  author = {Fakultät Physik},
  title = {Versuchsanleitung zum Experiment V206 - Die Wärmepumpe},
  year = {2020}
}

@manual{fehler,
  title        = {Formelsammlung zur Berechnung von Messunsicherheiten},
  author       = {Fakultät Physik},
  organization = {TU Dortmund},
  year         = {2020},
}