@manual{anleitung,
  author = {TU Dortmund},
  title = {RÃ¶ntgenemission und -absorption},
  year = 2021
}
