@manual{anleitung,
  author = {Fakult채t Physik, TU Dortmund},
  title = {Versuchsanleitung zum Versuch V204 - W채rmeleitung von Metallen},
  year = 2020,
}
@online{chemie.de,
url = {https://www.chemie.de/lexikon/Spezifische_W%C3%A4rmekapazit%C3%A4t.html},
urldate = {2020-12-20},
title = {Spezifische W채rmeleitf채higkeit},
}
