@manual{anleitung,
  author = {TU Dortmund},
  title = {Versuchsanleitung zu Messung der Suszeptibilit√§t paramagnetischer Substanzen},
  year = 2021
}