@manual{anleitung,
  author = {TU Dortmund},
  title = {Versuch V603: Der Compton-Effekt},
  year = 2021
}

@online{theoE,
  url = {https://physics.nist.gov/PhysRefData/XrayTrans/Html/search.html},
  urldate = {2021-06-20},
  title = {X-ray Transistion Energies Database},
  year = {2020},
}
