@manual{anleitung,
  author = {TU Dortmund},
  title = {US1: Grundlagen der Ultraschalltechnik},
  year = 2021
}

@online{cA,
url = {https://www.olympus-ims.com/de/ndt-tutorials/thickness-gauge/appendices-velocities/},
urldate = {2021-05-22},
title = {Literaturwert der Schallgeschwindigkeit in Acryl},
}

@online{altprotokoll, 
url = {http://fachschaft-physik.tu-dortmund.de/wordpress/wp-content/uploads/altprotokolle/ap/US1.pdf},
uldate = {2021-05-22},
title = {Altprotokoll zum Versuch US1},
}