@manual{anleitung,
  author = {TU Dortmund},
  title = {Reflexion, Brechung und Beugung},
  year = 2021
}
